\documentclass[12pt,a4paper]{article}
\usepackage[utf8]{inputenc}
\usepackage{amsmath}
\usepackage{amsfonts}
\usepackage{amssymb}
\usepackage{graphicx}
\usepackage[left=2cm,right=2cm,top=2cm,bottom=2cm]{geometry}
\begin{document}
\begin{thebibliography}{2}
  \bibitem{clarke83} G. M. Clarke and D. Cooke.
  \emph{A basic course in statistics}.
  Chapman and Hall, 2nd edition, 1983.
  \bibitem{goossens93} M. Goossens and F. Mittelbach.
  \emph{The \LaTeX\ companion}.
  Addison-Wesley, 1993.
  \end{thebibliography}
\end{document}